@INCOLLECTION{emerson:90a,
  author = {E.~A. Emerson},
  title = {{T}emporal and {M}odal {L}ogic},
  booktitle = {Handbook of Theoretical Computer Science},
  publisher = {Elsevier},
  year = {1990},
  editor = {J.~van Leeuwen},
  pages = {996--1072}
}

@inproceedings{DALT10:abstraction,
  author="Dennis, L. A. and Fisher, M. and
           Lincoln, N. and Lisitsa, A. and Veres, S. M.",
  title="{Declarative Abstractions for Agent Based Hybrid Control Systems}",
  booktitle="Proc. 8th Int. Workshop on Declarative Agent Languages and Technologies (DALT)",
   series="{LNCS}",
   publisher="Springer",
   volume=6619,
   pages="96--111",
year=2010
}

@INPROCEEDINGS{Gerth:1995:SOA:645837.670574,
  author = {Gerth, Rob and Peled, Doron and Vardi, Moshe Y. and Wolper, Pierre},
  title = {{Simple on-the-fly Automatic Verification of Linear Temporal Logic}},
  booktitle = {Proc. 15th IFIP WG6.1 International Symposium on Protocol Specification,
        Testing and Verification XV},
  year = {1996},
  pages = {3--18},
  address = {London, UK},
  publisher = {Chapman \& Hall, Ltd.},
  acmid = {670574},
  isbn = {0-412-71620-8},
  numpages = {16},
  url = {http://dl.acm.org/citation.cfm?id=645837.670574}
}

@INPROCEEDINGS{Courcoubetis92mea,
  author = {C. Courcoubetis and M. Vardi and P. Wolper and M. Yannakakis},
  title = {{Memory-efficient Algorithms for the Verification of Temporal Properties}},
  booktitle = {Formal Methods in System Design},
  year = {1992},
  pages = {275--288}
}
